<?xml version="1.0" encoding="UTF-8"?><record xmlns="http://www.loc.gov/MARC21/slim" xmlns:cinclude="http://apache.org/cocoon/include/1.0" xmlns:zs="http://www.loc.gov/zing/srw/">
  <leader>00398nz  a2200133n  4500</leader>
  <controlfield tag="001">no2013041276</controlfield>
  <controlfield tag="003">DLC</controlfield>
  <controlfield tag="005">20130418075300.0</controlfield>
  <controlfield tag="008">130416n| azannaabn          |n ana     c</controlfield>
  <datafield tag="010" ind1=" " ind2=" ">
    <subfield code="a">no2013041276</subfield>
  </datafield>
  <datafield tag="035" ind1=" " ind2=" ">
    <subfield code="a">(OCoLC)oca09451774</subfield>
  </datafield>
  <datafield tag="040" ind1=" " ind2=" ">
    <subfield code="a">MnWinoSM</subfield>
    <subfield code="b">eng</subfield>
    <subfield code="e">rda</subfield>
    <subfield code="c">MnWinoSM</subfield>
  </datafield>
  <datafield tag="110" ind1="2" ind2=" ">
    <subfield code="a">Immigrant Soul (Musical group)</subfield>
  </datafield>
  <datafield tag="670" ind1=" " ind2=" ">
    <subfield code="a">Ivers, Eileen. Eileen Ivers &amp; Immigrant Soul, p2003:</subfield>
    <subfield code="b">label (Immigrant Soul)</subfield>
  </datafield>
</record>